<?xml version="1.0" encoding="UTF-8"?><collection xmlns="http://www.loc.gov/MARC21/slim"><record><leader>00387nam--2200157-i-4500</leader><controlfield tag="001">000036432</controlfield><controlfield tag="002">20161230</controlfield><controlfield tag="005">20170122000326</controlfield><controlfield tag="008">060222s1000------------r-----000-0-eng-d</controlfield><datafield ind1=" " ind2=" " tag="100"><subfield code="a">Potoceanu, C. C</subfield></datafield><datafield ind1=" " ind2=" " tag="245"><subfield code="a">About the -meson spin from ionization bursts data</subfield></datafield><datafield ind1=" " ind2=" " tag="300"><subfield code="a">18p. , 1fig</subfield></datafield><datafield ind1=" " ind2=" " tag="490"><subfield code="a">Extras Din</subfield></datafield><datafield ind1=" " ind2=" " tag="700"><subfield code="a">Ion, X. I</subfield></datafield><datafield ind1=" " ind2=" " tag="852"><subfield code="a">5974</subfield></datafield><datafield ind1=" " ind2=" " tag="CAT"><subfield code="a">SYS</subfield><subfield code="c">20170122</subfield><subfield code="h">000326</subfield></datafield></record></collection>